<record><leader>00000cas a2200000 a 4500</leader><controlfield tag="001">11688796</controlfield><controlfield tag="008">850213d18941895ksuwr ne      0   a0eng d</controlfield><datafield ind1=" " ind2=" " tag="010"><subfield code="a">sn 85030978 </subfield></datafield><datafield ind1=" " ind2=" " tag="040"><subfield code="a">KSH</subfield><subfield code="b">eng</subfield><subfield code="c">KSH</subfield><subfield code="d">NPT</subfield><subfield code="d">OCL</subfield><subfield code="d">OCLCQ</subfield></datafield><datafield ind1=" " ind2=" " tag="042"><subfield code="a">msc</subfield></datafield><datafield ind1="0" ind2="4" tag="245"><subfield code="a">The Beverly star.</subfield></datafield><datafield ind1=" " ind2=" " tag="260"><subfield code="a">Beverly, Kan. :</subfield><subfield code="b">J.A. Roulston,</subfield><subfield code="c">1894-</subfield></datafield><datafield ind1=" " ind2=" " tag="300"><subfield code="a">v. :</subfield><subfield code="b">ill. ;</subfield><subfield code="c">49 cm.</subfield></datafield><datafield ind1=" " ind2=" " tag="310"><subfield code="a">Weekly</subfield></datafield><datafield ind1="0" ind2=" " tag="362"><subfield code="a">Vol. 1, no. 26 (Jan. 4, 1894)-</subfield></datafield><datafield ind1="1" ind2=" " tag="362"><subfield code="a">Ceased with Apr. 11, 1895 issue?</subfield></datafield><datafield ind1=" " ind2=" " tag="500"><subfield code="a">Published by Jeffers &amp; Smith, Apr. 4-11, 1895.</subfield></datafield><datafield ind1=" " ind2=" " tag="500"><subfield code="a">"Independent."</subfield></datafield><datafield ind1=" " ind2=" " tag="752"><subfield code="a">United States</subfield><subfield code="b">Kansas</subfield><subfield code="c">Lincoln</subfield><subfield code="d">Beverly.</subfield></datafield><datafield ind1="0" ind2="0" tag="780"><subfield code="t">Star (Beverly, Kan.)</subfield><subfield code="w">(DLC)sn 85030920</subfield></datafield><datafield ind1="0" ind2="0" tag="785"><subfield code="t">Sylvan alert</subfield><subfield code="w">(DLC)sn 85030946</subfield></datafield></record>